@ARTICLE{LHC,
      AUTHOR       = "{L. Evans and P. Bryant (eds.)}",
      TITLE        = "LHC machine",
      JOURNAL      = "JINST",
      volume    = "3",
      year      = "2008",
      pages     = "S08001",
      DOI          = "10.1088/1748-0221/3/08/S08001"}

@ARTICLE{MagnetTDR,
      AUTHOR       = "",
      COLLABORATION = "CMS",
      TITLE        = "The Magnet Project Technical Design Report",
      JOURNAL      = "CERN/LHCC",
      VOLUME       = "\href{http://cmsdoc.cern.ch/ftp/TDR/MAGNET/magnet.html}{97-010}",
      YEAR         = "1997"}

@ARTICLE{PTDR1,
      AUTHOR       = "",
      COLLABORATION = "CMS",
      TITLE        = "CMS Physics TDR: Volume I, Detector Performance and Software",
      JOURNAL      = "CERN/LHCC",
      VOLUME       = "\href{http://cdsweb.cern.ch/record/922757}{2006-001}",
      YEAR         = "2006"}

@ARTICLE{HLT,
      AUTHOR       = "",
      COLLABORATION = "CMS",
      TITLE        = "The CMS High-Level trigger",
      JOURNAL      = "Eur. Phys. J.",
      VOLUME       = "C46",
      PAGES        = "605-667",
      YEAR         = "2006",
      DOI          ="10.1140/epjc/s2006-02495-8"}

@Article{CMS,
     author    = "",
     collaboration = "CMS",
     title     = "{The CMS experiment at the CERN LHC}",
     journal   = "JINST",
     volume    = "3",
     year      = "2008",
     pages     = "S08004",
     doi       = "10.1088/1748-0221/3/08/S08004",
     SLACcitation  = "%%CITATION = JINST,0803,S08004;%%"
}
%VOLUME       = "\href{http://www.iop.org/EJ/abstract/1748-0221/3/08/S08004}{3 S08004}",


@ARTICLE{CERN:040,
  author    = "{V.I. Klyukhin} and others",
   title = "{M}easurement of the {CMS} {M}agnetic {F}ield",
   journal = "IEEE Transactions on Applied Superconductivity",
   volume = "Vol. 18, no. 2",
   pages="395--398",
   year="2008",
   doi="10.1109/TASC.2008.921242"
}
%   AUTHOR = "Klyukhin, V. and Ball, A. and Bergsma, F. and Campi, D. and              Cur{\'e}, B. and Gaddi, A. and Gerwig, H. and Herv{\'e}, A. and Korienek, J. and Linde, F. and Lindenmeyer, C. and Loveless, R. and Mulders, M. and Nebel, T. and Smith, R.P. and Stickland, D. and Teafoe, G. and Veillet, L. and Zimmerman, J.",    

@ARTICLE{CERN:042,
  author    = "{V.I. Klyukhin} and others",
    title = "{M}easuring the {M}agnetic {F}ield {I}nside the {CMS} {S}teel {Y}oke {E}lements",
    journal = "Nuclear Science Symposium Conference Record. NSS '08. IEEE", 
    
    pages="2270--2273",
    doi="10.1109/NSSMIC.2008.4774806",
    year="2008"
}
%   AUTHOR = "Klyukhin, V. and Ball, A. and Campi, D. and Cur{\'e}, B. and Dattola, D. and Gaddi, A. and Gerwig, H. and Herv{\'e}, A. and Loveless, R. and Reithler, H. and Smith, R.P.",    


@Article{CRAFTgeneral,
     author    = "",
     collaboration = "CMS",
     title     = "Commissioning of the CMS Experiment and the Cosmic Run at Four Tesla",
     journal   = "submitted to JINST",
     volume    = "",
     year      = "2009",
     pages     = "",
     doi       = "",
     SLACcitation  = ""
}

@Article{CRAFTHLT,
      author    = "",
 collaboration = "CMS",
     title     = "Commissioning of the CMS High-Level Trigger with Cosmic Rays",
     journal   = "submitted to JINST",
     volume    = "",
     year      = "2009",
     pages     = "",
     doi       = "",
     SLACcitation  = ""
}

%FIXME 
@Article{CFTTkAlignment,
     author    = "",
     collaboration = "CMS",
     title     = "Alignment of the CMS Silicon Tracker During Commissioning with Cosmic Ray Particles",
     journal   = "submitted to JINST",
     volume    = "",
     year      = "2009",
     pages     = "",
     doi       = "",
     SLACcitation  = ""
}
@Article{CFTMuTrackAlignment,
     author    = "",
     collaboration = "CMS",
     title     = "Alignment of the CMS Muon System with Cosmic Ray and Beam-Halo Tracks",
     journal   = "submitted to JINST",
     volume    = "",
     year      = "2009",
     pages     = "",
     doi       = "",
     SLACcitation  = ""
}

@Article{MuonHWAlign,
     author    = "",
     collaboration = "CMS",
     title     = "Aligning the CMS Muon Chambers with the Muon Alignment System during the Cosmic Run of 2008",
     journal   = "submitted to JINST",
     volume    = "",
     year      = "2009",
     pages     = "",
     doi       = "",
     SLACcitation  = ""
}


@Article{CFTMuonReco,
     author    = "",
     collaboration = "CMS",
     title     = "Studies of CMS Muon Reconstruction Performance with Cosmic Rays",
     journal   = "submitted to JINST",
     volume    = "",
     year      = "2009",
     pages     = "",
     doi       = "",
     SLACcitation  = ""
}

@Article{CFTDTPerf,
     author    = "",
     collaboration = "CMS",
     title     = "Performance of Local Muon Reconstruction in Drift Tube Chambers from the Analysis of Cosmic Run Data",
     journal   = "submitted to JINST",
     volume    = "",
     year      = "2009",
     pages     = "",
     doi       = "",
     SLACcitation  = ""
}

@ARTICLE{TOSCA,
 AUTHOR = "{Vector Fields Ltd.. Oxford, U. K.}",
 TITLE  = "TOSCA/OPERA-3d Software",
 journal = "\href{http://www.vectorfields.com/}{www.vectorfields.com}"
}

@ARTICLE{ThesisBianchini,
   author = "Bianchini, L.",    
   title = "Search for a $Z'$ at the LHC and Magnetic Field Calibration in the CMS Barrel Yoke",
   journal = "Master thesis",
   volume = "CMS TS-2009/016",
   year="2009"
}

@ARTICLE{ThesisVassili,
   author = "Maroussov, V.",    
   title = "Fit to an Analytic Form of the Measured Central CMS Magnetic Field",
   journal = "PhD thesis",
   volume = "CMS TS-2009/018",
   year="2008"
}

%CERN:033,
@INPROCEEDINGS{CHEP04, 
    author = "Amapane, N. and others",
    title = "{V}olume-{B}ased {R}epresentation of the {M}agnetic {F}ield",
    booktitle = "Computing in High Energy Physics and Nuclear Physics 2004, Interlaken, Switzerland, 27 Sep. - 1 Oct. 2004",
    pages = "310",
    year="2005",
    note = "\href{http://cdsweb.cern.ch/record/883293?ln=en}{CERN-2005-002-V-1, CMS note CR-2005/011}"
}
%    author = "Amapane, N. and Andreev, V. and Drollinger, V. and Karimaki, V.
%              and Klyukhin, V.I. and Todorov, T.",



%FIXME: add DOI
@Article{GEANT,
     author    = "Agostinelli, S. and others",
     collaboration = "GEANT4",
     title     = "GEANT4: A simulation toolkit",
     journal   = "Nucl. Instrum. Methods",
     volume    = "A 506",
     year      = "2003",
     pages     = "250--303",
     doi       = "",
     SLACcitation  = ""
}


@ARTICLE{CMSCGEN,
      AUTHOR       = "Biallass, P. and Hebbeker, T. and Hoepfner, K.",
      TITLE        = "Simulation of Cosmic Muons and Comparison with Data from the Cosmic Challenge using Drift Tube Chambers",
      JOURNAL      = "CMS Note",
      VOLUME       = "\href{http://cms.cern.ch/iCMS/jsp/openfile.jsp?type=NOTE&year=2007&files=NOTE2007_024.pdf}{2007/024}",
      YEAR         = "2007"}

@Article{Biallass:2009ev,
     author    = "Biallass, Philipp and Hebbeker, Thomas",
     title     = "{Parametrization of the Cosmic Muon Flux for the Generator
                  CMSCGEN}",
     year      = "2009",
     eprint    = "0907.5514",
     archivePrefix = "arXiv",
     primaryClass  =  "astro-ph.IM",
     SLACcitation  = "%%CITATION = 0907.5514;%%"
}

%%% ORIGINAL TEMPLATE EXAMPLES BELOW  %%%

@ARTICLE{CMS_AN_2006-027,
     AUTHOR       = "Belotelov, I. and Golutvin, I. and Bourilkov, D. and Lanyov, A. and Rogalev, E. and Savina, M. and Shmatov, S.",
     TITLE        = "Search for ADD extra dimensional gravity in di-muon channel with the CMS Detector",
     JOURNAL      = "CMS Note",
     VOLUME       = "\href{http://cms.cern.ch/iCMS/jsp/openfile.jsp?type=NOTE&year=2006&files=NOTE2006_076.pdf}{2006/076}",
     YEAR         = "2006"}
@ARTICLE{CMS_NOTE_2006-106,
     AUTHOR       = "Aldaya, M. and Arce, P. and Caballero, J. and de la Cruz, B. and Garcia-Abia, P. and Hernandez, J.M. and Josa, M.I. and Ruiz, E.",
     TITLE        = "Discovery potential and search strategy for the Standard Model Higgs boson in the $H\to ZZ^\star\to 4\mu$ decay channel using a mass-independent analysis",
     JOURNAL      = "CMS Note",
     VOLUME       = "\href{http://cms.cern.ch/iCMS/jsp/openfile.jsp?type=NOTE&year=2006&files=NOTE2006_106.pdf}{2006/106}",
     YEAR         = "2006"}
@Article{Brandt:1997gi,
     author    = "Brandt, A. and others",
 collaboration = "UA8",
     title     = "Measurements of single diffraction at $\sqrt{s} =$ 630 GeV:
                  Evidence for  a non-linear $\alpha(t)$ of the pomeron",
     journal   = "Nucl. Phys.",
     volume    = "B514",
     year      = "1998",
     pages     = "3-44",
     doi       = "10.1016/S0550-3213(97)00813-4"
}
